% exact fault-tolerance is unachivable
@inproceedings{su2016fault,
  title={Fault-tolerant multi-agent optimization: optimal iterative distributed algorithms},
  author={Su, Lili and Vaidya, Nitin H},
  booktitle={Proceedings of the 2016 ACM symposium on principles of distributed computing},
  pages={425--434},
  year={2016}
}


% exact fault-tolerance is unachivable can be achieved with 2f redundancy
@article{gupta2019byzantine1,
  title={Byzantine fault tolerant distributed linear regression},
  author={Gupta, Nirupam and Vaidya, Nitin H},
  journal={arXiv preprint arXiv:1903.08752},
  year={2019}
}

@inproceedings{gupta2019byzantine2,
  title={Byzantine fault-tolerant parallelized stochastic gradient descent for linear regression},
  author={Gupta, Nirupam and Vaidya, Nitin H},
  booktitle={2019 57th Annual Allerton Conference on Communication, Control, and Computing (Allerton)},
  pages={415--420},
  year={2019},
  organization={IEEE}
}

% Linearization method
@book{wilson2012linearization,
  title={The Linearization Method for Constrained Optimization},
  author={Wilson, S.S. and Pshenichnyj, B.N.},
  isbn={9783642579189},
  lccn={94001938},
  series={Springer Series in Computational Mathematics},
  url={https://books.google.com.tw/books?id=zZ7rCAAAQBAJ},
  year={2012},
  publisher={Springer Berlin Heidelberg}
}

% CGE
@article{gupta2020byzantine3,
  title={Byzantine fault-tolerant distributed machine learning using stochastic gradient descent (sgd) and norm-based comparative gradient elimination (cge)},
  author={Gupta, Nirupam and Liu, Shuo and Vaidya, Nitin H},
  journal={arXiv preprint arXiv:2008.04699},
  year={2020}
}

% CWTM


% GMoM
@article{chen2017distributed,
  title={Distributed statistical machine learning in adversarial settings: Byzantine gradient descent},
  author={Chen, Yudong and Su, Lili and Xu, Jiaming},
  journal={Proceedings of the ACM on Measurement and Analysis of Computing Systems},
  volume={1},
  number={2},
  pages={1--25},
  year={2017},
  publisher={ACM New York, NY, USA}
}

%convex optimization boyid
@book{boyd2004convex,
  title={Convex optimization},
  author={Boyd, Stephen and Vandenberghe, Lieven},
  year={2004},
  publisher={Cambridge university press}
}

%Similar works
@article{li2010hybrid,
  title={A hybrid optimization algorithm and its application for conformal array pattern synthesis},
  author={Li, Wen Tao and Shi, Xiao Wei and Hei, Yong Qiang and Liu, Shu Fang and Zhu, Jiang},
  journal={IEEE Transactions on antennas and propagation},
  volume={58},
  number={10},
  pages={3401--3406},
  year={2010},
  publisher={IEEE}
}
@article{xu2022resilient,
  title={Resilient Penalty Function Method for Distributed Constrained Optimization under Byzantine Attack},
  author={Xu, Chentao and Liu, Qingshan and Huang, Tingwen},
  journal={Information Sciences},
  volume={596},
  pages={362--379},
  year={2022},
  publisher={Elsevier}
}

%byzantine fault-tolerance
@inproceedings{liu2021approximate,
  title={Approximate byzantine fault-tolerance in distributed optimization},
  author={Liu, Shuo and Gupta, Nirupam and Vaidya, Nitin H},
  booktitle={Proceedings of the 2021 ACM Symposium on Principles of Distributed Computing},
  pages={379--389},
  year={2021}
}